@online{sdk,
    author = "Espressif",
    title  = "ESP8266-RTOS Software Development Kit",
    year   = "2016-2021",
    url    = "https://github.com/espressif/ESP8266_RTOS_SDK"
}

@online{libcoap,
    author = "Olaf Bergmann",
    title  = "libcoap: A C implementation of the Constrained Application Protocol",
    year   = "2010-2021",
    url    = "https://github.com/obgm/libcoap/tree/develop"
}

@online{rfc_coap,
    author = "{Internet Engineering Task Force}",
    title  = "The Constrained Application Protocol (CoAP)",
    year   = "2014",
    url    = "https://tools.ietf.org/html/rfc7252"
}

@online{rfc_observer,
    author = "{Internet Engineering Task Force}",
    title  = "Observing Resources in the Constrained Application Protocol (CoAP)",
    year   = "2015",
    url    = "https://tools.ietf.org/html/rfc7641"
}

@online{rfc_block,
    author = "{Internet Engineering Task Force}",
    title  = "Block-Wise Transfers in the Constrained Application Protocol (CoAP)",
    year   = "2016",
    url    = "https://tools.ietf.org/html/rfc7959"
}

@online{core_link,
    author = "{Internet Engineering Task Force}",
    title  = "Constrained RESTful Environments (CoRE) Link Format",
    year   = "2012",
    url    = "https://tools.ietf.org/html/rfc6690"
}
